% voter turnout %%%%%%%%%%%%%%%%%%%%%%%%%%
@article{gerber2000effects,
  title={The effects of canvassing, telephone calls, and direct mail on voter turnout: A field experiment},
  author={Gerber, Alan S and Green, Donald P},
  journal={American political science review},
  volume={94},
  number={3},
  pages={653--663},
  year={2000},
  publisher={Cambridge University Press}
}

@article{coate2008performance,
  title={The performance of pivotal-voter models in small-scale elections: Evidence from Texas liquor referenda},
  author={Coate, Stephen and Conlin, Michael and Moro, Andrea},
  journal={Journal of Public Economics},
  volume={92},
  number={3-4},
  pages={582--596},
  year={2008},
  publisher={Elsevier}
}

@article{coate2004group,
  title={A group rule-utilitarian approach to voter turnout: Theory and evidence},
  author={Coate, Stephen and Conlin, Michael},
  journal={American Economic Review},
  volume={94},
  number={5},
  pages={1476--1504},
  year={2004}
}

@article{dellavigna2016voting,
  title={Voting to tell others},
  author={DellaVigna, Stefano and List, John A and Malmendier, Ulrike and Rao, Gautam},
  journal={The Review of Economic Studies},
  volume={84},
  number={1},
  pages={143--181},
  year={2016},
  publisher={Review of Economic Studies Ltd}
}

@article{fujiwara2016habit,
  title={Habit formation in voting: Evidence from rainy elections},
  author={Fujiwara, Thomas and Meng, Kyle and Vogl, Tom},
  journal={American Economic Journal: Applied Economics},
  volume={8},
  number={4},
  pages={160--88},
  year={2016}
}

@article{gerber2008social,
  title={Social pressure and voter turnout: Evidence from a large-scale field experiment},
  author={Gerber, Alan S and Green, Donald P and Larimer, Christopher W},
  journal={American political Science review},
  volume={102},
  number={1},
  pages={33--48},
  year={2008},
  publisher={Cambridge University Press}
}

@article{washington2006black,
  title={How black candidates affect voter turnout},
  author={Washington, Ebonya},
  journal={The Quarterly Journal of Economics},
  volume={121},
  number={3},
  pages={973--998},
  year={2006},
  publisher={MIT Press}
}

% political preferences %%%%%%%%%%%%%%%%%%%%%%%%%%
@article{alesina2007good,
  title={Good-bye Lenin (or not?): The effect of communism on people's preferences},
  author={Alesina, Alberto and Fuchs-Sch{\"u}ndeln, Nicola},
  journal={American Economic Review},
  volume={97},
  number={4},
  pages={1507--1528},
  year={2007}
}

@article{bursztyn2016tear,
  title={A tear in the iron curtain: The impact of western television on consumption behavior},
  author={Bursztyn, Leonardo and Cantoni, Davide},
  journal={Review of Economics and Statistics},
  volume={98},
  number={1},
  pages={25--41},
  year={2016},
  publisher={The MIT Press}
}

@article{cantoni2017curriculum,
  title={Curriculum and ideology},
  author={Cantoni, Davide and Chen, Yuyu and Yang, David Y and Yuchtman, Noam and Zhang, Y Jane},
  journal={Journal of political economy},
  volume={125},
  number={2},
  pages={338--392},
  year={2017},
  publisher={University of Chicago Press Chicago, IL}
}

@article{edlund2002have,
  title={Why have women become left-wing? The political gender gap and the decline in marriage},
  author={Edlund, Lena and Pande, Rohini},
  journal={The Quarterly Journal of Economics},
  volume={117},
  number={3},
  pages={917--961},
  year={2002},
  publisher={MIT Press}
}

@article{fujiwara2011regression,
  title={A regression discontinuity test of strategic voting and Duverger's Law},
  author={Fujiwara, Thomas and others},
  journal={Quarterly Journal of Political Science},
  volume={6},
  number={3--4},
  pages={197--233},
  year={2011},
  publisher={Now Publishers, Inc.}
}

@article{jensen2009power,
  title={The power of TV: Cable television and women's status in India},
  author={Jensen, Robert and Oster, Emily},
  journal={The Quarterly Journal of Economics},
  volume={124},
  number={3},
  pages={1057--1094},
  year={2009},
  publisher={MIT Press}
}

@article{kuziemko2014last,
  title={“Last-place aversion”: Evidence and redistributive implications},
  author={Kuziemko, Ilyana and Buell, Ryan W and Reich, Taly and Norton, Michael I},
  journal={The Quarterly Journal of Economics},
  volume={129},
  number={1},
  pages={105--149},
  year={2014},
  publisher={MIT Press}
}

@article{luttmer2001group,
  title={Group loyalty and the taste for redistribution},
  author={Luttmer, Erzo FP},
  journal={Journal of political Economy},
  volume={109},
  number={3},
  pages={500--528},
  year={2001},
  publisher={The University of Chicago Press}
}

@article{manacorda2011government,
  title={Government transfers and political support},
  author={Manacorda, Marco and Miguel, Edward and Vigorito, Andrea},
  journal={American Economic Journal: Applied Economics},
  volume={3},
  number={3},
  pages={1--28},
  year={2011}
}

@article{mullainathan2009sticking,
  title={Sticking with your vote: Cognitive dissonance and political attitudes},
  author={Mullainathan, Sendhil and Washington, Ebonya},
  journal={American Economic Journal: Applied Economics},
  volume={1},
  number={1},
  pages={86--111},
  year={2009}
}

@article{pons2018expressive,
  title={Expressive voting and its cost: Evidence from runoffs with two or three candidates},
  author={Pons, Vincent and Tricaud, Cl{\'e}mence},
  journal={Econometrica},
  volume={86},
  number={5},
  pages={1621--1649},
  year={2018},
  publisher={Wiley Online Library}
}

% Political representative identity %%%%%%%%%%%%%%%%%%%%%%%%%%
@article{chattopadhyay2004women,
  title={Women as policy makers: Evidence from a randomized policy experiment in India},
  author={Chattopadhyay, Raghabendra and Duflo, Esther},
  journal={Econometrica},
  volume={72},
  number={5},
  pages={1409--1443},
  year={2004},
  publisher={Wiley Online Library}
}

@article{beaman2009powerful,
  title={Powerful women: does exposure reduce bias?},
  author={Beaman, Lori and Chattopadhyay, Raghabendra and Duflo, Esther and Pande, Rohini and Topalova, Petia},
  journal={The Quarterly journal of economics},
  volume={124},
  number={4},
  pages={1497--1540},
  year={2009},
  publisher={MIT Press}
}

@article{besley1995does,
  title={Does electoral accountability affect economic policy choices? Evidence from gubernatorial term limits},
  author={Besley, Timothy and Case, Anne},
  journal={The Quarterly Journal of Economics},
  volume={110},
  number={3},
  pages={769--798},
  year={1995},
  publisher={MIT Press}
}

@article{diermeier2005political,
  title={A political economy model of congressional careers},
  author={Diermeier, Daniel and Keane, Michael and Merlo, Antonio},
  journal={American Economic Review},
  volume={95},
  number={1},
  pages={347--373},
  year={2005}
}

@article{dal2011term,
  title={Term length and the effort of politicians},
  author={Dal B{\'o}, Ernesto and Rossi, Mart{\'\i}n A},
  journal={The Review of Economic Studies},
  volume={78},
  number={4},
  pages={1237--1263},
  year={2011},
  publisher={Oxford University Press}
}

@article{ferreira2009political,
  title={Do political parties matter? Evidence from US cities},
  author={Ferreira, Fernando and Gyourko, Joseph},
  journal={The Quarterly journal of economics},
  volume={124},
  number={1},
  pages={399--422},
  year={2009},
  publisher={MIT Press}
}

@article{ferraz2011electoral,
  title={Electoral accountability and corruption: Evidence from the audits of local governments},
  author={Ferraz, Claudio and Finan, Frederico},
  journal={American Economic Review},
  volume={101},
  number={4},
  pages={1274--1311},
  year={2011}
}

@article{fujiwara2015voting,
  title={Voting technology, political responsiveness, and infant health: Evidence from Brazil},
  author={Fujiwara, Thomas},
  journal={Econometrica},
  volume={83},
  number={2},
  pages={423--464},
  year={2015},
  publisher={Wiley Online Library}
}

@article{lee2004voters,
  title={Do voters affect or elect policies? Evidence from the US House},
  author={Lee, David S and Moretti, Enrico and Butler, Matthew J},
  journal={The Quarterly Journal of Economics},
  volume={119},
  number={3},
  pages={807--859},
  year={2004},
  publisher={MIT Press}
}

@techreport{mcguirk2017no,
  title={No kin in the game: Moral hazard and war in the US Congress},
  author={McGuirk, Eoin and Hilger, Nathaniel and Miller, Nicholas},
  year={2017},
  institution={National Bureau of Economic Research}
}

@article{pettersson2008parties,
  title={Do parties matter for economic outcomes? A regression-discontinuity approach},
  author={Pettersson-Lidbom, Per},
  journal={Journal of the European Economic Association},
  volume={6},
  number={5},
  pages={1037--1056},
  year={2008},
  publisher={Oxford University Press}
}

@article{washington2008female,
  title={Female socialization: how daughters affect their legislator fathers},
  author={Washington, Ebonya L},
  journal={American Economic Review},
  volume={98},
  number={1},
  pages={311--32},
  year={2008}
}

% Media
