@book{magill2002theory,
  title={Theory of incomplete markets},
  author={Magill, Michael and Quinzii, Martine},
  volume={1},
  year={2002},
  publisher={Mit press}
}

@book{mas1995microeconomic,
  title={Microeconomic theory},
  author={Mas-Colell, Andreu and Whinston, Michael Dennis and others},
  year={1995},
  publisher={New York: Oxford university press},
  volume={1}
}