@article{armstrong2020bias,
  title={Bias-aware inference in regularized regression models},
  author={Armstrong, Timothy B and Koles{\'a}r, Michal and Kwon, Soonwoo},
  journal={arXiv preprint arXiv:2012.14823},
  year={2020}
}

@misc{crump2006moving,
  title={Moving the goalposts: Addressing limited overlap in the estimation of average treatment effects by changing the estimand},
  author={Crump, Richard K and Hotz, V Joseph and Imbens, Guido and Mitnik, Oscar},
  year={2006},
  publisher={National Bureau of Economic Research Cambridge, Mass., USA}
}

@article{imbens2019optimized,
  title={Optimized regression discontinuity designs},
  author={Imbens, Guido and Wager, Stefan},
  journal={Review of Economics and Statistics},
  volume={101},
  number={2},
  pages={264--278},
  year={2019},
  publisher={MIT Press One Rogers Street, Cambridge, MA 02142-1209, USA journals-info~â€¦}
}